<?xml version="1.0" encoding="UTF-8"?>
<collection xmlns="http://www.loc.gov/MARC21/slim">
  <record>
    <leader>00950cam a2200301   4500</leader>
    <controlfield tag="001">73</controlfield>
    <controlfield tag="005">20141021232332.0</controlfield>
    <controlfield tag="008">860116s1963    sp aef        000 0 spa  </controlfield>
    <datafield tag="010" ind1=" " ind2=" ">
      <subfield code="a">   64050447 </subfield>
    </datafield>
    <datafield tag="035" ind1=" " ind2=" ">
      <subfield code="a">(CStRLIN)NYCX86B6713</subfield>
    </datafield>
    <datafield tag="035" ind1=" " ind2=" ">
      <subfield code="a">(NIC)notisAAA0071</subfield>
    </datafield>
    <datafield tag="035" ind1=" " ind2=" ">
      <subfield code="a">(OCoLC)3268436</subfield>
    </datafield>
    <datafield tag="035" ind1=" " ind2=" ">
      <subfield code="a">73</subfield>
    </datafield>
    <datafield tag="040" ind1=" " ind2=" ">
      <subfield code="a">NN</subfield>
      <subfield code="c">CMalG</subfield>
      <subfield code="d">Miu</subfield>
      <subfield code="d">NIC</subfield>
    </datafield>
    <datafield tag="043" ind1=" " ind2=" ">
      <subfield code="a">e-sp---</subfield>
    </datafield>
    <datafield tag="050" ind1="0" ind2=" ">
      <subfield code="a">NA5808</subfield>
      <subfield code="b">.F4</subfield>
    </datafield>
    <datafield tag="100" ind1="1" ind2=" ">
      <subfield code="a">Fernandez Arenas, Arsenio.</subfield>
    </datafield>
    <datafield tag="245" ind1="1" ind2="0">
      <subfield code="a">Iglesias nuevas en España.</subfield>
    </datafield>
    <datafield tag="260" ind1=" " ind2=" ">
      <subfield code="a">[Barcelona,</subfield>
      <subfield code="b">La Polígrafa,</subfield>
      <subfield code="c">1963]</subfield>
    </datafield>
    <datafield tag="300" ind1=" " ind2=" ">
      <subfield code="a">105 p.</subfield>
      <subfield code="b">illus., plans, col. plates. 23 cm.</subfield>
    </datafield>
    <datafield tag="650" ind1=" " ind2="0">
      <subfield code="a">Church architecture</subfield>
      <subfield code="z">Spain.</subfield>
    </datafield>
    <datafield tag="650" ind1=" " ind2="0">
      <subfield code="a">Church buildings</subfield>
      <subfield code="z">Spain.</subfield>
    </datafield>
    <datafield tag="650" ind1=" " ind2="7">
      <subfield code="a">Church architecture</subfield>
      <subfield code="2">fast</subfield>
      <subfield code="0">(OCoLC)fst00860550</subfield>
    </datafield>
    <datafield tag="650" ind1=" " ind2="7">
      <subfield code="a">Church buildings</subfield>
      <subfield code="2">fast</subfield>
      <subfield code="0">(OCoLC)fst00860599</subfield>
    </datafield>
    <datafield tag="651" ind1=" " ind2="7">
      <subfield code="a">Spain</subfield>
      <subfield code="2">fast</subfield>
      <subfield code="0">(OCoLC)fst01204303</subfield>
    </datafield>
    <datafield tag="905" ind1=" " ind2=" ">
      <subfield code="a">19950311120000.0</subfield>
    </datafield>
    <datafield tag="948" ind1="2" ind2=" ">
      <subfield code="a">20141016</subfield>
      <subfield code="b">m</subfield>
      <subfield code="d">batch</subfield>
      <subfield code="e">lts</subfield>
      <subfield code="x">addfast</subfield>
    </datafield>
    <datafield tag="950" ind1=" " ind2=" ">
      <subfield code="l">FINE</subfield>
      <subfield code="a">NA5808</subfield>
      <subfield code="b">.F36</subfield>
      <subfield code="f">BASIC</subfield>
      <subfield code="i">01/16/86 N</subfield>
    </datafield>
  </record>