
  <record>
    <leader>01018cam a2200313   4500</leader>
    <controlfield tag="001">79</controlfield>
    <controlfield tag="005">20141021232336.0</controlfield>
    <controlfield tag="008">860116s1965    fr a     b    000 0 fre d</controlfield>
    <datafield tag="035" ind1=" " ind2=" ">
      <subfield code="a">(CStRLIN)NYCX86B6715</subfield>
    </datafield>
    <datafield tag="035" ind1=" " ind2=" ">
      <subfield code="a">(NIC)notisAAA0077</subfield>
    </datafield>
    <datafield tag="035" ind1=" " ind2=" ">
      <subfield code="a">(OCoLC)31463646</subfield>
    </datafield>
    <datafield tag="035" ind1=" " ind2=" ">
      <subfield code="a">79</subfield>
    </datafield>
    <datafield tag="040" ind1=" " ind2=" ">
      <subfield code="a">MiU</subfield>
      <subfield code="c">MiU</subfield>
      <subfield code="d">NIC</subfield>
    </datafield>
    <datafield tag="041" ind1="1" ind2=" ">
      <subfield code="a">fre</subfield>
      <subfield code="h">ger</subfield>
    </datafield>
    <datafield tag="043" ind1=" " ind2=" ">
      <subfield code="a">e-sp---</subfield>
    </datafield>
    <datafield tag="100" ind1="1" ind2=" ">
      <subfield code="a">Rahlves, Friedrich.</subfield>
    </datafield>
    <datafield tag="245" ind1="1" ind2="0">
      <subfield code="a">Cathédrales et monastères d'Espagne.</subfield>
      <subfield code="c">Traduit de la̕llemand par Monique Bittebierre.</subfield>
    </datafield>
    <datafield tag="260" ind1=" " ind2=" ">
      <subfield code="a">[Paris]</subfield>
      <subfield code="b">Arthaud</subfield>
      <subfield code="c">[1965]</subfield>
    </datafield>
    <datafield tag="504" ind1=" " ind2=" ">
      <subfield code="a">Includes bibliography.</subfield>
    </datafield>
    <datafield tag="650" ind1=" " ind2="0">
      <subfield code="a">Cathedrals</subfield>
      <subfield code="z">Spain.</subfield>
    </datafield>
    <datafield tag="650" ind1=" " ind2="0">
      <subfield code="a">Monasteries</subfield>
      <subfield code="z">Spain</subfield>
    </datafield>
    <datafield tag="650" ind1=" " ind2="0">
      <subfield code="a">Church architecture</subfield>
      <subfield code="z">Spain.</subfield>
    </datafield>
    <datafield tag="650" ind1=" " ind2="7">
      <subfield code="a">Cathedrals</subfield>
      <subfield code="2">fast</subfield>
      <subfield code="0">(OCoLC)fst00849073</subfield>
    </datafield>
    <datafield tag="650" ind1=" " ind2="7">
      <subfield code="a">Church architecture</subfield>
      <subfield code="2">fast</subfield>
      <subfield code="0">(OCoLC)fst00860550</subfield>
    </datafield>
    <datafield tag="650" ind1=" " ind2="7">
      <subfield code="a">Monasteries</subfield>
      <subfield code="2">fast</subfield>
      <subfield code="0">(OCoLC)fst01025070</subfield>
    </datafield>
    <datafield tag="651" ind1=" " ind2="7">
      <subfield code="a">Spain</subfield>
      <subfield code="2">fast</subfield>
      <subfield code="0">(OCoLC)fst01204303</subfield>
    </datafield>
    <datafield tag="905" ind1=" " ind2=" ">
      <subfield code="a">19880603120000.0</subfield>
    </datafield>
    <datafield tag="948" ind1="2" ind2=" ">
      <subfield code="a">20141016</subfield>
      <subfield code="b">m</subfield>
      <subfield code="d">batch</subfield>
      <subfield code="e">lts</subfield>
      <subfield code="x">addfast</subfield>
    </datafield>
    <datafield tag="950" ind1=" " ind2=" ">
      <subfield code="l">FINE</subfield>
      <subfield code="a">NA5803</subfield>
      <subfield code="b">.R14 1965</subfield>
      <subfield code="f">BASIC</subfield>
      <subfield code="i">01/16/86 N</subfield>
    </datafield>
  </record>